<?xml version="1.0" encoding="UTF-8"?><record xmlns="http://www.loc.gov/MARC21/slim" xmlns:cinclude="http://apache.org/cocoon/include/1.0" xmlns:zs="http://www.loc.gov/zing/srw/">
  <leader>00782cz  a2200205n  4500</leader>
  <controlfield tag="001">n  42034277 </controlfield>
  <controlfield tag="003">DLC</controlfield>
  <controlfield tag="005">20051008183450.0</controlfield>
  <controlfield tag="008">830502n| acaaaaaan          |a ana      </controlfield>
  <datafield tag="010" ind1=" " ind2=" ">
    <subfield code="a">n  42034277 </subfield>
  </datafield>
  <datafield tag="040" ind1=" " ind2=" ">
    <subfield code="a">DLC</subfield>
    <subfield code="b">eng</subfield>
    <subfield code="c">DLC</subfield>
    <subfield code="d">DLC-R</subfield>
  </datafield>
  <datafield tag="130" ind1=" " ind2="0">
    <subfield code="a">Hōsei Daigaku Gendaihō Kenkyūjo sōsho</subfield>
  </datafield>
  <datafield tag="410" ind1="2" ind2=" ">
    <subfield code="a">Hōsei Daigaku.</subfield>
    <subfield code="b">Gendaihō Kenkyūjo.</subfield>
    <subfield code="t">Hōsei Daigaku Gendaihō Kenkyūjo sōsho</subfield>
  </datafield>
  <datafield tag="642" ind1=" " ind2=" ">
    <subfield code="a">3</subfield>
    <subfield code="5">DLC</subfield>
  </datafield>
  <datafield tag="643" ind1=" " ind2=" ">
    <subfield code="a">Tōkyō</subfield>
    <subfield code="b">Hōsei Daigaku Gendaihō Kenkyūjo</subfield>
  </datafield>
  <datafield tag="644" ind1=" " ind2=" ">
    <subfield code="a">f</subfield>
    <subfield code="5">DLC</subfield>
  </datafield>
  <datafield tag="645" ind1=" " ind2=" ">
    <subfield code="a">t</subfield>
    <subfield code="5">DLC</subfield>
  </datafield>
  <datafield tag="646" ind1=" " ind2=" ">
    <subfield code="a">s</subfield>
    <subfield code="5">DLC</subfield>
  </datafield>
  <datafield tag="670" ind1=" " ind2=" ">
    <subfield code="a">Reisenshi shiryōsen, 1982.</subfield>
  </datafield>
  <datafield tag="670" ind1=" " ind2=" ">
    <subfield code="a">Hō to idengaku, 2005:</subfield>
    <subfield code="b">t.p. (Hōsei Daigaku Gendaihō Kenkyūjo sōsho ; 26) colophon (pub. by Hōsei Daigaku Gendaihō Kenkyūjo, hatsubaijo Hōsei Daigaku Shuppankyoku)  </subfield>
  </datafield>
</record>